@misc{lecture6, 
title={{Tabular Learning and Beyond}},
author={Qin, Yuzhen},
year={2025},
url={https://brightspace.ru.nl/d2l/le/content/502312/viewContent/3008418/View}}


@book{russell-2019,
	author = {Russell, Stuart and Norvig, Peter},
	month = {7},
	publisher = {Pearson Higher Education},
	title = {{Artificial intelligence}},
	year = {2019},
}

@misc{off-policy-q-learning,
	title = {{Artificial Intelligence - foundations of computational agents -- 11.3.6 On-Policy Learning}},
	url = {https://artint.info/html1e/ArtInt_268.html},
}

@book{sutton-2018,
	author = {Sutton, Richard S. and Barto, Andrew G.},
	month = {11},
	publisher = {MIT Press},
	title = {{Reinforcement Learning, second edition}},
	year = {2018},
}